@String {LFP84 = "Proceedings of the 1984 ACM Symposium on LISP and Functional Programming"}
@String {SDE1 = "Proceedings of the 1st ACM SIGSOFT/SIGPLAN Software Engineering Symposium on Practical Software Development Environments"}

@STRING{CACM = "Communications of the ACM"}

@ARTICLE{LH:83,
  author = {Henry Lieberman and Carl Hewitt},
  title = {A real-time garbage collector based on the lifetimes of objects},
  journal = CACM,
  year = {1983},
  month = jun,
  volume = {26},
  pages = {419--429},
  number = {6},
  address = {New York, New York, USA},
  doi = {10.1145/358141.358147},
  issn = {0001-0782},
  publisher = {ACM}
}

@InProceedings{Moon:84,
	author = {David A. Moon},
	title = {Garbage collection in a large {LISP} system},
	crossref = {LFP:84},
	pages = {235--246},
	doi = {10.1145/800055.802040},
}

@Proceedings{LFP:84,
	title = LFP84,
	booktitle = LFP84,
	shortname = "LFP '84",
	year = {1984},
	month = aug,
	location = {Austin, Texas, USA},
	publisher = {ACM},
	address = {New York, New York, USA},
	isbn = {0-89791-142-3},
}	

@InProceedings{Ungar:84,
	author = {David Ungar},
	title = {Generation Scavenging: A non-disruptive high performance storage reclamation algorithm},
	crossref = {SDE:1},
	pages = {157--167},
	doi = {10.1145/800020.808261},
}
@Proceedings{SDE:1,
	title = SDE1,
	booktitle = SDE1,
	shortname = "SDE 1",
	year = {1984},
	month = apr,
	location = {Pittsburgh, Pennsylvania, USA},
	publisher = {ACM},
	address = {New York, New York, USA},
	isbn = {0-89791-131-8},
}
@inproceedings{BH:04,
 author   = {Blackburn, Stephen M. and Hosking, Antony L.},
 title    = {Barriers: friend or foe?},
 pages    = {143--151},
 doi      = {10.1145/1029873.1029891},
 keywords = {garbage collection, java, memory management, write barriers},
 crossref = {ismm:04}
} 
@inproceedings{SBF:12,
  author    = {Shahriyar, Rifat and Blackbur, Stephen M. and Frampton, Daniel},
  title     = {Down for the Count?  {G}etting Reference Counting Back in the Ring},
  crossref  = {ismm:12},
}
@inproceedings{YBFH:12,
  author    = {Yang, Xi and Blackburn, Stephen M. and Frampton, Daniel and Hosking, Antony L.},
  title     = {Barriers reconsidered, friendlier still!},
  crossref  = {ismm:12},
}
@article{yuasa1990real,
  title={Real-time garbage collection on general-purpose machines},
  author={Yuasa, Taiichi},
  journal={Journal of Systems and Software},
  volume={11},
  number={3},
  pages={181--198},
  year={1990},
  publisher={Elsevier}
}
@inproceedings{yang2012barriers,
  title={Barriers reconsidered, friendlier still!},
  author={Yang, Xi and Blackburn, Stephen M and Frampton, Daniel and Hosking, Antony L},
  booktitle={ACM SIGPLAN Notices},
  volume={47},
  number={11},
  pages={37--48},
  year={2012},
  organization={ACM}
}
@book{gay1998memory,
  title={Memory management with explicit regions},
  author={Gay, David and Aiken, Alex},
  volume={33},
  number={5},
  year={1998},
  publisher={ACM}
}
@inproceedings{blackburn2004oil,
  title={Oil and water? High performance garbage collection in Java with MMTk},
  author={Blackburn, Stephen M and Cheng, Perry and McKinley, Kathryn S},
  booktitle={Software Engineering, 2004. ICSE 2004. Proceedings. 26th International Conference on},
  pages={137--146},
  year={2004},
  organization={IEEE}
}
@inproceedings{pizlo2008study,
  title={A study of concurrent real-time garbage collectors},
  author={Pizlo, Filip and Petrank, Erez and Steensgaard, Bjarne},
  booktitle={ACM SIGPLAN Notices},
  volume={43},
  number={6},
  pages={33--44},
  year={2008},
  organization={ACM}
}
@inproceedings{detlefs2004garbage,
  title={Garbage-first garbage collection},
  author={Detlefs, David and Flood, Christine and Heller, Steve and Printezis, Tony},
  booktitle={Proceedings of the 4th international symposium on Memory management},
  pages={37--48},
  year={2004},
  organization={ACM}
}
@inproceedings{flood2016shenandoah,
  title={Shenandoah: An open-source concurrent compacting garbage collector for openjdk},
  author={Flood, Christine H and Kennke, Roman and Dinn, Andrew and Haley, Andrew and Westrelin, Roland},
  booktitle={Proceedings of the 13th International Conference on Principles and Practices of Programming on the Java Platform: Virtual Machines, Languages, and Tools},
  pages={13},
  year={2016},
  organization={ACM}
}
@article{briandemsky2015speculative,
  title={Speculative Region-based Memory Management for Big Data Systems},
  author={BrianDemsky, KhanhNguyen LuFang GuoqingXu},
  year={2015}
}
@article{detlefs2002lock,
  title={Lock-free reference counting},
  author={Detlefs, David L and Martin, Paul A and Moir, Mark and Steele Jr, Guy L},
  journal={Distributed Computing},
  volume={15},
  number={4},
  pages={255--271},
  year={2002},
  publisher={Springer}
}
@article{lins1992cyclic,
  title={Cyclic reference counting with lazy mark-scan},
  author={Lins, Rafael D},
  journal={Information Processing Letters},
  volume={44},
  number={4},
  pages={215--220},
  year={1992},
  publisher={Elsevier Science Bv, Po Box 211, 1000 Ae Amsterdam, Netherlands}
}
@inproceedings{endo1997scalable,
  title={A scalable mark-sweep garbage collector on large-scale shared-memory machines},
  author={Endo, Toshio and Taura, Kenjiro and Yonezawa, Akinori},
  booktitle={Proceedings of the 1997 ACM/IEEE conference on Supercomputing},
  pages={1--14},
  year={1997},
  organization={ACM}
}